
@misc{oasis_mqtt_spec,
	author       = {OASIS},
	title        = {MQTT Version 5.0},
	year         = {2019},
	howpublished = {\url{https://docs.oasis-open.org/mqtt/mqtt/v5.0/os/mqtt-v5.0-os.html}},
	note         = {Zugegriffen am 14.05.2025}
}

@misc{nxpPN532,
	author       = {{NXP Semiconductors}},
	title        = {{PN532/C1 - NFC Controller Data Sheet}},
	year         = {2021},
	url          = {https://www.nxp.com/docs/en/nxp/data-sheets/PN532_C1.pdf},
	note         = {Zugriff am 18.05.2025}
}

@book{finkenzeller2023,
	author    = {Klaus Finkenzeller},
	title     = {RFID Handbuch: Grundlagen und praktische Anwendungen kontaktloser Identifikation},
	edition   = {7},
	publisher = {Hanser Verlag},
	year      = {2023},
	isbn      = {978-3-446-43943-6},
	url			= {http://rfid-handbook.de/downloads/G6E_20120413_212413155-24_978-3-446-42992-5_Leseprobe.pdf},
	note		= {Zugriff am 18.05.2025}
}

@online{nodered_official,
	author       = {{Node-RED Community}},
	title        = {Node-RED – Flow-based programming for the Internet of Things},
	year         = {2024},
	url          = {https://nodered.org},
	note         = {Zugriff am 18.05.2025}
}

@manual{siemensSCEGuide,
	title        = {SCE Lernpfad: Übersicht der verfügbaren SCE-Lern-/Lehrunterlagen},
	author       = {{Siemens AG}},
	year         = {2021},
	month        = {06},
	organization = {Siemens AG, Digital Industries},
	address      = {Nürnberg, Deutschland},
	note         = {Online verfügbar unter \url{https://www.automation.siemens.com/sce-static/learning-training-documents/classic/guide/00-guide-de.pdf}, zuletzt abgerufen am 18.05.2025},
}


